<?xml version="1.0" encoding="UTF-8"?><collection xmlns="http://www.loc.gov/MARC21/slim"><record><leader>00423nam--2200133-i-4500</leader><controlfield tag="001">000013201</controlfield><controlfield tag="002">20161230</controlfield><controlfield tag="005">20170305215351</controlfield><controlfield tag="008">060222s1000------------r-----000-0-eng-d</controlfield><datafield ind1=" " ind2=" " tag="245"><subfield code="a">Cleaning our environment. A chemical perspective a report by the Committee on Environmental Improvement</subfield></datafield><datafield ind1=" " ind2=" " tag="260"><subfield code="a">Washington</subfield><subfield code="b">America Chemical Society</subfield><subfield code="c">1978</subfield></datafield><datafield ind1=" " ind2=" " tag="300"><subfield code="a">IX + 457 p</subfield></datafield><datafield ind1=" " ind2=" " tag="852"><subfield code="a">628.39:502.55</subfield></datafield><datafield ind1=" " ind2=" " tag="CAT"><subfield code="a">SYS</subfield><subfield code="c">20170305</subfield><subfield code="h">215351</subfield></datafield></record></collection>